
@article{DBLP:journals/corr/Junczys-Dowmunt16,
  author    = {Marcin Junczys{-}Dowmunt and
               Roman Grundkiewicz},
  title     = {Log-linear Combinations of Monolingual and Bilingual Neural Machine
               Translation Models for Automatic Post-Editing},
  journal   = {CoRR},
  volume    = {abs/1605.04800},
  year      = {2016},
}


@inproceedings{Knowles,
  author = {Rebecca Knowles and Philipp Koehn},
  title = {Neural Interactive Translation Prediction},
  year = {2016},
  booktitle = {AMTA},
}

@InProceedings{gao-vogel:2008:SETQANLP,
author = {Gao, Qin and Vogel, Stephan},
title = {Parallel Implementations of Word Alignment Tool},
booktitle = {Software Engineering, Testing, and Quality Assurance for Natural Language Processing},
pages = {49--57},
year = 2008
}

@inproceedings{DBLP:conf/icml/PascanuMB13,
    author = "Pascanu, Razvan and Mikolov, Tomas and Bengio, Yoshua",
    pages = "1310--1318",
    title = "{On the difficulty of training recurrent neural networks}",
    booktitle = "{ICML}",
    year = "2013"
}



@article{DBLP:journals/corr/BahdanauCB14,
  author    = {Dzmitry Bahdanau and
               Kyunghyun Cho and
               Yoshua Bengio},
  title     = {Neural Machine Translation by Jointly Learning to Align and Translate},
  journal   = {CoRR},
  volume    = {abs/1409.0473},
  year      = {2014},
}

@article{DBLP:journals/corr/SennrichHB15,
  author    = {Rico Sennrich and
               Barry Haddow and
               Alexandra Birch},
  title     = {Neural Machine Translation of Rare Words with Subword Units},
  journal   = {CoRR},
  volume    = {abs/1508.07909},
  year      = {2015},
}


@InProceedings{ZIEMSKI16.1195,
  author = {Micha\l{} Ziemski and Marcin Junczys-Dowmunt and Bruno Pouliquen},
  title = {{The United Nations Parallel Corpus v1.0}},
  booktitle = {LREC 2016},
  year = {2016},
  date = {23-28},
  location = {Portorož, Slovenia},
  publisher = {ELRA},
 } 

@article{DBLP:journals/corr/abs-1212-5701,
    author = "Zeiler, Matthew D.",
    journal = "CoRR",
    title = "{{ADADELTA:} An Adaptive Learning Rate Method}",
    volume = "abs/1212.5701",
    year = "2012"
}


@inproceedings{DBLP:conf/wmt/SennrichHB16,
  author    = {Rico Sennrich and
               Barry Haddow and
               Alexandra Birch},
  title     = {Edinburgh Neural Machine Translation Systems for {WMT} 16},
  booktitle = {WMT},
  pages     = {371--376},
  year      = {2016},
}


@article{google,
  author    = {Yonghui Wu and Mike Schuster and Zhifeng Chen and Quoc V. Le and Mohammad Norouzi and Wolfgang Macherey and Maxim Krikun and Yuan Cao and Qin Gao and Klaus Macherey and Jeff Klingner and Apurva Shah and Melvin Johnson and Xiaobing Liu and \L{}ukasz Kaiser and Stephan Gouws and Yoshikiyo Kato and Taku Kudo and Hideto Kazawa and Keith Stevens and George Kurian and Nishant Patil and Wei Wang and Cliff Young and Jason Smith and Jason Riesa and Alex Rudnick and Oriol Vinyals and Greg Corrado and Macduff Hughes and Jeffrey Dean},
  title     = {{Google's Neural Machine Translation System: Bridging the Gap between Human and Machine Translation}},
  journal   = {CoRR},
  volume    = {abs/1609.08144},
  year      = {2016},
}


@article{journals/corr/abs-1301-3781,
  author = {Mikolov, Tomas and Chen, Kai and Corrado, Greg and Dean, Jeffrey},
  journal = {CoRR},
  title = {Efficient Estimation of Word Representations in Vector Space},
  volume = {abs/1301.3781},
  year = 2013
}

@inproceedings{Heafield-estimate,
  author = {Kenneth Heafield and Ivan Pouzyrevsky and Jonathan H. Clark and Philipp Koehn},
  title = {Scalable Modified {Kneser-Ney} Language Model Estimation},
  year = {2013},
  booktitle = {ACL},
  pages = {690--696},
}

@inproceedings{conf/acl/DurraniFSHK13,
  author = {Durrani, Nadir and Fraser, Alexander and Schmid, Helmut and Hoang, Hieu and Koehn, Philipp},
  booktitle = {ACL},
  pages = {399-405},
  title = {Can {Markov} Models Over Minimal Translation Units Help Phrase-Based {SMT}?},
  year = 2013
}



@inproceedings{Koehn:2007:MOS:1557769.1557821,
 author = {Koehn, Philipp and Hoang, Hieu and Birch, Alexandra and Callison-Burch, Chris and Federico, Marcello and Bertoldi, Nicola and Cowan, Brooke and Shen, Wade and Moran, Christine and Zens, Richard and Dyer, Chris and Bojar, Ond\v{r}ej and Constantin, Alexandra and Herbst, Evan},
 title = {Moses: Open Source Toolkit for Statistical Machine Translation},
 booktitle = {ACL},
 year = {2007},
 location = {Prague, Czech Republic},
 pages = {177--180},
}

@inproceedings{DBLP:conf/emnlp/JohnsonMFK07,
  author    = {Howard Johnson and
               Joel D. Martin and
               George F. Foster and
               Roland Kuhn},
  title     = {Improving Translation Quality by Discarding Most of the Phrasetable},
  booktitle = {EMNLP-CoNLL},
  pages     = {967--975},
  year      = {2007},
}

@article{junczys_mtm_2012,
  author = {Marcin Junczys-Dowmunt},
  title = {{Phrasal Rank-Encoding}: Exploiting Phrase Redundancy and Translational Relations for Phrase Table Compression},
  journal = {Prague Bull. Math. Linguistics},
  volume = {98},
  year = {2012},
  pages = {63--74},
}


@inproceedings{44929,
title = {Addressing the Rare Word Problem in Neural Machine Translation},
author  = {Thang Luong and Ilya Sutskever and Quoc V. Le and Oriol Vinyals and Wojciech Zaremba},
year  = 2015,
booktitle = {ACL}
}

@inproceedings{junczys_mtsummit_2013,
  author = {Bruno Pouliquen and Cecilia Elizalde and Marcin Junczys-Dowmunt and Christophe Mazenc and Jos\'{e} Garc\'{i}a-Verdugo},
  title = {{Large-scale multiple language translation accelerator at the United Nations}},
  booktitle = {MT-Summit XIV},
  year = {2013},
  pages = {345--352},
}

@InProceedings{junczysdowmunt-dwojak-sennrich:2016:WMT,
  author    = {Junczys-Dowmunt, Marcin  and  Dwojak, Tomasz  and  Sennrich, Rico},
  title     = {The {AMU-UEDIN} Submission to the {WMT16} News Translation Task: Attention-based {NMT} Models as Feature Functions in Phrase-based {SMT}},
  booktitle = {WMT},
  year      = {2016},
  pages     = {319--325},
}



@inproceedings{DBLP:conf/acl/JeanCMB15,
  author    = {S{\'{e}}bastien Jean and
               KyungHyun Cho and
               Roland Memisevic and
               Yoshua Bengio},
  title     = {On Using Very Large Target Vocabulary for Neural Machine Translation},
  booktitle = {ACL},
  pages     = {1--10},
  year      = {2015},
}

@inproceedings{DBLP:conf/acl/MiWI16,
  author    = {Haitao Mi and
               Zhiguo Wang and
               Abe Ittycheriah},
  title     = {Vocabulary Manipulation for Neural Machine Translation},
  booktitle = {ACL},
  year      = {2016},
}


@article{Tange2011a,
  added-at = {2016-01-18T15:13:04.000+0100},
  address = {Frederiksberg, Denmark},
  author = {Tange, O.},
  biburl = {http://www.bibsonomy.org/bibtex/2ab8ea12a0dffc7a4f4d5e972c8fb4ad8/fezett},
  doi = {10.5281/zenodo.16303},
  interhash = {b829bb54862d2644509ad3d5fa2a2e09},
  intrahash = {ab8ea12a0dffc7a4f4d5e972c8fb4ad8},
  journal = {;login: The USENIX Magazine},
  keywords = {imported},
  month = Feb,
  number = 1,
  pages = {42-47},
  timestamp = {2016-01-18T15:15:28.000+0100},
  title = {GNU Parallel - The Command-Line Power Tool},
  url = {http://www.gnu.org/s/parallel},
  volume = 36,
  year = 2011
}

@InProceedings{LISON16.947,
  author = {Pierre Lison and Jörg Tiedemann},
  title = {OpenSubtitles2016: Extracting Large Parallel Corpora from Movie and TV Subtitles},
  booktitle = {Proceedings of the Tenth International Conference on Language Resources and Evaluation (LREC 2016)},
  year = {2016},
  month = {may},
  date = {23-28},
  location = {Portorož, Slovenia},
  editor = {Nicoletta Calzolari (Conference Chair) and Khalid Choukri and Thierry Declerck and Sara Goggi and Marko Grobelnik and Bente Maegaard and Joseph Mariani and Helene Mazo and Asuncion Moreno and Jan Odijk and Stelios Piperidis},
  publisher = {European Language Resources Association (ELRA)},
  address = {Paris, France},
  isbn = {978-2-9517408-9-1},
  language = {english}
 }

 @inproceedings{koehn2005epc,
  added-at = {2010-11-10T15:46:05.000+0100},
  address = {Phuket, Thailand},
  author = {Koehn, Philipp},
  biburl = {https://www.bibsonomy.org/bibtex/205e5fa13fd7ba7992aedfe3514379a1f/unhammer},
  booktitle = {{Conference Proceedings: the tenth Machine Translation Summit}},
  interhash = {abd06b551527865eb50e21508841b6de},
  intrahash = {05e5fa13fd7ba7992aedfe3514379a1f},
  keywords = {Corpus Europarl MT Master},
  organization = {AAMT},
  pages = {79--86},
  publisher = {AAMT},
  timestamp = {2010-11-10T15:46:05.000+0100},
  title = {{Europarl: A Parallel Corpus for Statistical Machine Translation}},
  url = {http://mt-archive.info/MTS-2005-Koehn.pdf},
  year = 2005
}

@InProceedings{bojar-EtAl:2015:WMT,
  author    = {Bojar, Ond\v{r}ej  and  Chatterjee, Rajen  and  Federmann, Christian  and  Haddow, Barry  and  Huck, Matthias  and  Hokamp, Chris  and  Koehn, Philipp  and  Logacheva, Varvara  and  Monz, Christof  and  Negri, Matteo  and  Post, Matt  and  Scarton, Carolina  and  Specia, Lucia  and  Turchi, Marco},
  title     = {Findings of the 2015 Workshop on Statistical Machine Translation},
  booktitle = {Proceedings of the Tenth Workshop on Statistical Machine Translation},
  month     = {September},
  year      = {2015},
  address   = {Lisbon, Portugal},
  publisher = {Association for Computational Linguistics},
  pages     = {1--46},
  url       = {http://aclweb.org/anthology/W15-3001}
}

@Book{WMT:2016,
  editor    = {Ondřej Bojar  and  Christian Buck  and  Rajen Chatterjee  and  Christian Federmann  and  Liane Guillou  and  Barry Haddow  and  Matthias Huck  and  Antonio Jimeno Yepes  and  Aurélie Névéol  and  Mariana Neves  and  Pavel Pecina  and  Martin Popel  and  Philipp Koehn  and  Christof Monz  and  Matteo Negri  and  Matt Post  and  Lucia Specia  and  Karin Verspoor  and  Jörg Tiedemann  and  Marco Turchi},
  title     = {Proceedings of the First Conference on Machine Translation},
  month     = {August},
  year      = {2016},
  address   = {Berlin, Germany},
  publisher = {Association for Computational Linguistics},
  url       = {http://www.aclweb.org/anthology/W/W16/W16-2200}
}

@inproceedings{cettoloEtAl:EAMT2012,
        Address = {Trento, Italy},
        Author = {Mauro Cettolo and Christian Girardi and Marcello Federico},
        Booktitle = {Proceedings of the 16$^{th}$ Conference of the European Association for Machine Translation (EAMT)},
        Date = {28-30},
        Month = {May},
        Pages = {261--268},
        Title = {WIT$^3$: Web Inventory of Transcribed and Translated Talks},
        Year = {2012}}

@inproceedings{Buck-commoncrawl,
 author = {Christian Buck and Kenneth Heafield and Bas van Ooyen},
 title = {N-gram Counts and Language Models from the Common Crawl},
 year = {2014},
 month = {May},
 booktitle = {Proceedings of the Language Resources and Evaluation Conference},
 address = {Reykjavk, Iceland{i}k, Iceland}
}

@article{DBLP:journals/corr/SennrichHB15a,
  author    = {Rico Sennrich and
               Barry Haddow and
               Alexandra Birch},
  title     = {Improving Neural Machine Translation Models with Monolingual Data},
  journal   = {CoRR},
  volume    = {abs/1511.06709},
  year      = {2015},
  url       = {http://arxiv.org/abs/1511.06709},
  timestamp = {Tue, 01 Dec 2015 19:22:34 +0100},
  biburl    = {http://dblp.uni-trier.de/rec/bib/journals/corr/SennrichHB15a},
  bibsource = {dblp computer science bibliography, http://dblp.org}
}

@InProceedings{sennrich-haddow-birch:2016:WMT,
  author    = {Sennrich, Rico  and  Haddow, Barry  and  Birch, Alexandra},
  title     = {Edinburgh Neural Machine Translation Systems for WMT 16},
  booktitle = {Proceedings of the First Conference on Machine Translation},
  month     = {August},
  year      = {2016},
  address   = {Berlin, Germany},
  publisher = {Association for Computational Linguistics},
  pages     = {371--376},
  url       = {http://www.aclweb.org/anthology/W/W16/W16-2323}
}


@inproceedings{Moore:2010:ISL:1858842.1858883,
 author = {Moore, Robert C. and Lewis, William},
 title = {Intelligent Selection of Language Model Training Data},
 booktitle = {Proceedings of the ACL 2010 Conference Short Papers},
 series = {ACLShort '10},
 year = {2010},
 location = {Uppsala, Sweden},
 pages = {220--224},
 numpages = {5},
 url = {http://dl.acm.org/citation.cfm?id=1858842.1858883},
 acmid = {1858883},
 publisher = {Association for Computational Linguistics},
 address = {Stroudsburg, PA, USA},
} 

@article{DBLP:journals/corr/KingmaB14,
  author    = {Diederik P. Kingma and
               Jimmy Ba},
  title     = {Adam: {A} Method for Stochastic Optimization},
  journal   = {CoRR},
  volume    = {abs/1412.6980},
  year      = {2014},
  url       = {http://arxiv.org/abs/1412.6980},
  timestamp = {Thu, 01 Jan 2015 19:51:08 +0100},
  biburl    = {http://dblp.uni-trier.de/rec/bib/journals/corr/KingmaB14},
  bibsource = {dblp computer science bibliography, http://dblp.org}
}